<?xml version="1.0" encoding="UTF-8"?><collection xmlns="http://www.loc.gov/MARC21/slim"><record><leader>00334nam--2200121-i-4500</leader><controlfield tag="001">000002385</controlfield><controlfield tag="002">20161230</controlfield><controlfield tag="005">20161230201025</controlfield><controlfield tag="008">060222s1000------------r-----000-0-eng-d</controlfield><datafield ind1=" " ind2=" " tag="100"><subfield code="a">Findlay, Alexander</subfield></datafield><datafield ind1=" " ind2=" " tag="245"><subfield code="a">Chemistry in the service of man. eight edition</subfield></datafield><datafield ind1=" " ind2=" " tag="260"><subfield code="a">New York, Harper &amp; Brothers, 1960. Xviii + 318 P</subfield></datafield><datafield ind1=" " ind2=" " tag="852"><subfield code="a">17624</subfield></datafield></record></collection>